% This file was created with JabRef 2.10b2.
% Encoding: UTF-8


@Book{aigner2010proofs,
  Title                    = {Proofs from the Book},
  Author                   = {Aigner, Martin and Ziegler, G{\"u}nter M and Quarteroni, Alfio},
  Publisher                = {Springer},
  Year                     = {2010},
  Volume                   = {274},

  Owner                    = {tim},
  Timestamp                = {2017.05.02}
}

@Article{brinks2014lexis,
  Title                    = {Lexis diagram and illness-death model: Simulating populations in chronic disease epidemiology},
  Author                   = {Brinks, Ralph and Landwehr, Sandra and Fischer-Betz, Rebecca and Schneider, Matthias and Giani, Guido},
  Journal                  = {PLoS ONE},
  Year                     = {2014},
  Number                   = {9},
  Pages                    = {e106043},
  Volume                   = {9},

  Owner                    = {tim},
  Timestamp                = {2017.05.02}
}

@Article{brouard1986,
  Title                    = {Structure et dynamique des populations: La pyramide des ann{\'e}es {\`a} vivre, aspects nationaux et exemples r{\'e}gionaux},
  Author                   = {Brouard, Nicolas},
  Journal                  = {Espace, populations, soci{\'e}t{\'e}s},
  Year                     = {1986},
  Number                   = {2},
  Pages                    = {157--168},
  Volume                   = {4},

  Owner                    = {tim},
  Timestamp                = {2017.05.02}
}

@Book{caselli2005demography,
  Title                    = {Demography: Analysis and synthesis},
  Editor                   = {Caselli, Graziella and Vallin, Jacques and Wunsch, Guillaume},
  Publisher                = {Academic Press},
  Year                     = {2006},
  Volume                   = {1},

  Owner                    = {tim},
  Timestamp                = {2017.05.02}
}

@Article{chan2010backward,
  Title                    = {Backward estimation of stochastic processes with failure events as time origins},
  Author                   = {Chan, Kwun Chuen Gary and Wang, Mei-Cheng},
  Journal                  = {The Annals of Applied Statistics},
  Year                     = {2010},
  Number                   = {3},
  Pages                    = {1602--1620},
  Volume                   = {4},

  Owner                    = {tim},
  Timestamp                = {2017.05.02}
}

@Misc{dempsey2016,
  Title                    = {Survival models and health consequences},

  Author                   = {Dempsey, Walter and McCullagh, Peter},
  Note                     = {Unpublished. Available at https://arxiv.org/pdf/1301.2699v3.pdf (retrieved on 4 April 2017)},
  Year                     = {2016},

  Owner                    = {tim},
  Timestamp                = {2017.05.02}
}

@Article{fries2005frailty,
  Title                    = {Frailty, heart disease, and stroke: The compression of morbidity paradigm},
  Author                   = {Fries, James F},
  Journal                  = {American Journal of Preventive Medicine},
  Year                     = {2005},
  Number                   = {5},
  Pages                    = {164--168},
  Volume                   = {29},

  Owner                    = {tim},
  Timestamp                = {2017.05.02}
}

@Article{Geue2014,
  Title                    = {{P}opulation ageing and healthcare expenditure projections: new evidence from a time to death approach},
  Author                   = {Geue, Claudia and Briggs, Andrew and Lewsey, James and Lorgelly, Paula},
  Journal                  = {The European Journal of Health Economics},
  Year                     = {2014},
  Number                   = {8},
  Pages                    = {885--896},
  Volume                   = {15},

  Owner                    = {tim},
  Timestamp                = {2017.05.02}
}

@Misc{HRSumich,
  Title                    = {public use dataset},

  Author                   = {{{Health and Retirement Study}}},
  HowPublished             = {electronic},
  Note                     = {Produced and distributed by the University of Michigan with funding from the National Institute on Aging (grant number NIA U01AG009740). Ann Arbor, MI},
  Year                     = {2013},

  Owner                    = {tim},
  Timestamp                = {2017.04.20}
}

@Misc{HMD,
  Author                   = {{Human Mortality Database}},
  Note                     = {University of California, Berkeley, and Max Planck Institute for Demographic Research, Rostock. Available at http://www.mortality.org (data downloaded on 10 July 2014)},
  Year                     = {2014},

  Owner                    = {tim},
  Timestamp                = {2017.05.02}
}

@Article{Jewell2016,
  Title                    = {Natural history of diseases: Statistical designs and issues},
  Author                   = {Jewell, Nicholas P.},
  Journal                  = {Clinical Pharmacology and Therapeutics},
  Year                     = {2016},
  Number                   = {4},
  Pages                    = {353--361},
  Volume                   = {100},

  Owner                    = {tim},
  Timestamp                = {2017.05.02}
}

@Article{keiding2011age,
  Title                    = {Age-period-cohort analysis in the 1870s: Diagrams, stereograms, and the basic differential equation},
  Author                   = {Keiding, N.},
  Journal                  = {Canadian Journal of Statistics},
  Year                     = {2011},
  Number                   = {3},
  Pages                    = {405--420},
  Volume                   = {39},

  Owner                    = {tim},
  Timestamp                = {2017.05.02}
}

@Article{keiding2006event,
  Title                    = {Event history analysis and the cross-section},
  Author                   = {Keiding, Niels},
  Journal                  = {Statistics in Medicine},
  Year                     = {2006},
  Number                   = {14},
  Pages                    = {2343--2364},
  Volume                   = {25},

  Owner                    = {tim},
  Timestamp                = {2017.05.02}
}

@Book{knapp1868ermittlung,
  Title                    = {{\"U}ber die {E}rmittlung der {S}terblichkeit aus den {A}ufzeichnungen der {B}ev{\"o}lkerungs-{S}tatistik},
  Author                   = {Knapp, Georg Friedrich},
  Publisher                = {J. C. Hinrich},
  Year                     = {1868},

  Address                  = {Leipzig},

  Owner                    = {tim},
  Timestamp                = {2017.05.02}
}

@Article{kurland2009longitudinal,
  Title                    = {Longitudinal data with follow-up truncated by death: Match the analysis method to research aims},
  Author                   = {Kurland, Brenda F and Johnson, Laura L and Egleston, Brian L and Diehr, Paula H},
  Journal                  = {Statistical Science},
  Year                     = {2009},
  Number                   = {2},
  Pages                    = {211},
  Volume                   = {24},

  Owner                    = {tim},
  Timestamp                = {2017.05.02}
}

@Book{lexis1875einleitung,
  Title                    = {{E}inleitung in die {T}heorie der {B}ev{\"o}lkerungsstatistik},
  Author                   = {Lexis, W.H.R.A.},
  Publisher                = {K. J. Tr{\"u}bner},
  Year                     = {1875},

  Address                  = {Strasbourg},
  Note                     = {Available at https://archive.org/details/einleitungindie00lexigoog (retrieved on 27 March 2016)},

  Owner                    = {tim},
  Timestamp                = {2017.05.02}
}

@Article{muller2004demographic,
  Title                    = {Demographic window to aging in the wild: constructing life tables and estimating survival functions from marked individuals of unknown age},
  Author                   = {M{\"u}ller, Hans-Georg and Wang, Jane-Ling and Carey, James R and Caswell-Chen, Edward P and Chen, Carl and Papadopoulos, Nikos and Yao, Fang},
  Journal                  = {Aging Cell},
  Year                     = {2004},
  Number                   = {3},
  Pages                    = {125--131},
  Volume                   = {3},

  Owner                    = {tim},
  Timestamp                = {2017.05.02}
}

@Article{muller2007survival,
  Title                    = {Survival and aging in the wild via residual demography},
  Author                   = {M{\"u}ller, Hans-Georg and Wang, Jane-Ling and Yu, Wei and Delaigle, Aurore and Carey, James R},
  Journal                  = {Theoretical Population Biology},
  Year                     = {2007},
  Number                   = {4},
  Pages                    = {513--522},
  Volume                   = {72},

  Owner                    = {tim},
  Timestamp                = {2017.05.02}
}

@Article{miller2001increasing,
  Title                    = {Increasing longevity and Medicare expenditures},
  Author                   = {Miller, Tim},
  Journal                  = {Demography},
  Year                     = {2001},
  Number                   = {2},
  Pages                    = {215--226},
  Volume                   = {38},

  Owner                    = {triffe},
  Publisher                = {Springer},
  Timestamp                = {2013.11.01}
}

@Article{perozzo1880della,
  Title                    = {Della rappresentazione graphica di una collettivit\`a di individui nella successione del tempo, e in particolare dei diagrammi a tre coordinate},
  Author                   = {Perozzo, Luigi},
  Journal                  = {Annali di Statistica (Serie 2\textsuperscript{a})},
  Year                     = {1880},
  Note                     = {Available at https://archive.org/details/annalidistatist21commgoog (retrieved on 22 July 2016)},
  Pages                    = {1--16},
  Volume                   = {12},

  Owner                    = {tim},
  Timestamp                = {2017.05.02}
}

@Article{pressat1961analyse,
  Title                    = {L'analyse d{\'e}mographique: m{\'e}thodes, r{\'e}sultats, applications},
  Author                   = {Pressat, Roland},
  Journal                  = {Population},
  Year                     = {1961},
  Number                   = {3},
  Pages                    = {505--508},
  Volume                   = {16},

  Owner                    = {tim},
  Timestamp                = {2017.05.02}
}

@Electronic{HRS,
  Title                    = {{RAND HRS Data, Version M}},

  Address                  = {Santa Monica, CA},
  Author                   = {{RAND}},
  Note                     = {Produced by the RAND Center for the Study of Aging, with funding from the National Institute on Aging and the Social Security Administration.},
  Year                     = {2013},

  Owner                    = {tim},
  Timestamp                = {2017.05.02}
}

@Article{riffe2016ttd,
  Title                    = {Time-to-death patterns in markers of age and dependency},
  Author                   = {Riffe, T. and Chung, P. H. and Spijker, J. and MacInnes, J.},
  Journal                  = {Vienna Yearbook of Population Research},
  Year                     = {2016},
  Note                     = {(in press)},
  Volume                   = {14},

  Owner                    = {riffe},
  Timestamp                = {2015.08.05}
}

@Article{Sullivan1970,
  Title                    = {A single index of mortality and morbidity},
  Author                   = {Sullivan, DF},
  Journal                  = {HSMHA Health Reports},
  Year                     = {1971},
  Number                   = {4},
  Pages                    = {347-354},
  Volume                   = {86},

  Owner                    = {tim},
  Timestamp                = {2017.05.02}
}

@Misc{vanRaalte2015HLE,
  Title                    = {Accounting for temporal variation in morbidity},

  Author                   = {Van Raalte, Alyson and Riffe, Tim},
  Note                     = {Paper presented at Population Association of America 2016 Annual Meeting, Washington, D. C., USA, Mar 31--Apr 2, 2016},
  Year                     = {2016},

  Owner                    = {tim},
  Timestamp                = {2017.05.02}
}

@Article{vandeschrick2001lexis,
  Title                    = {The Lexis diagram, a misnomer},
  Author                   = {Vandeschrick, C.},
  Journal                  = {Demographic Research},
  Year                     = {2001},
  Number                   = {3},
  Pages                    = {97--124},
  Volume                   = {4},

  Owner                    = {tim},
  Timestamp                = {2017.05.02}
}

@InCollection{villavicencio2015reconstructing,
  Title                    = {Reconstructing lifespans through historical marriage records of {B}arcelona from the sixteenth and seventeenth centuries},
  Author                   = {Villavicencio, Francisco and Jord\`a, Joan Pau and Pujadas-Mora, Joana M.},
  Booktitle                = {Population reconstruction},
  Publisher                = {Springer},
  Year                     = {2015},

  Address                  = {Cham},
  Chapter                  = {10},
  Editor                   = {Bloothooft, Gerrit and Christen, Peter and Mandemakers, Kees and Schraagen, Marijn},
  Pages                    = {199--216},

  Owner                    = {tim},
  Timestamp                = {2017.05.02}
}

@Article{villavicencioRiffeSymmetires2016,
  Title                    = {Symmetries between life lived and left in finite stationary populations},
  Author                   = {Villavicencio, Francisco and Riffe, Tim},
  Journal                  = {Demographic Research},
  Year                     = {2016},
  Number                   = {14},
  Pages                    = {381--398},
  Volume                   = {35},

  Owner                    = {tim},
  Timestamp                = {2017.05.02}
}

@TechReport{HMDMP,
  Title                    = {Methods Protocol for the {H}uman {M}ortality {D}atabase},
  Author                   = {Wilmoth, John R and Andreev, K and Jdanov, D and Glei, Dana A and Boe, C and Bubenheim, M and Philipov, D and Shkolnikov, V and Vachon, P},
  Institution              = {University of California, Berkeley, and Max Planck Institute for Demographic Research, Rostock},
  Year                     = {2007},
  Note                     = {Available at http://www.mortality.org/Public/Docs/MethodsProtocol.pdf (retrieved on 11 June 2015)},

  Owner                    = {tim},
  Timestamp                = {2017.05.02}
}

@Article{wolf2015disability,
  Title                    = {Disability Trajectories at the End of Life: A ``Countdown'' Model},
  Author                   = {Wolf, Douglas A and Freedman, Vicki A and Ondrich, Jan I and Seplaki, Christopher L and Spillman, Brenda C},
  Journal                  = {The Journals of Gerontology: Series B (Psychological Sciences and Social Sciences)},
  Year                     = {2015},
  Number                   = {5},
  Pages                    = {745--752},
  Volume                   = {70},

  Owner                    = {tim},
  Timestamp                = {2017.05.02}
}

