@article{riffe2017unified,
  title={A unified framework of demographic time},
  author={Riffe, Tim and Sch{\"o}ley, Jonas and Villavicencio, Francisco},
  journal={Genus},
  volume={73},
  number={1},
  pages={7},
  year={2017},
  publisher={Springer}
}